,,,,,,,,,,,,,,,,,,,,,,,,,,,,,,,,,,,,,,,,,,,,,,,,,,,,,,,,,,,,,,,,,,,,,,,,,,,,,,,,,,,,,,,,,,,,,,,,,,,,,,,,,,,,,,,,,,,,,,,,,,,,,,,,,,,,,,,,,,,,,,,,,,,,,
"NIKE, Inc. | Income Statement",,,,,,,,,,,,,,,,,,,,,,,,,,,,,,,,,,,,,,,,,,,,,,,,,,,,,,,,,,,,,,,,,,,,,,,,,,,,,,,,,,,,,,,,,,,,,,,,,,,,,,,,,,,,,,,,,,,,,,,,,,,,,,,,,,,,,,,,,,,,,,,,,,,,,
NYSE:NKE (MI KEY: 4004236; SPCIQ KEY: 291981),,,,,,,,,,,,,,,,,,,,,,,,,,,,,,,,,,,,,,,,,,,,,,,,,,,,,,,,,,,,,,,,,,,,,,,,,,,,,,,,,,,,,,,,,,,,,,,,,,,,,,,,,,,,,,,,,,,,,,,,,,,,,,,,,,,,,,,,,,,,,,,,,,,,,
,,,,,,,,,,,,,,,,,,,,,,,,,,,,,,,,,,,,,,,,,,,,,,,,,,,,,,,,,,,,,,,,,,,,,,,,,,,,,,,,,,,,,,,,,,,,,,,,,,,,,,,,,,,,,,,,,,,,,,,,,,,,,,,,,,,,,,,,,,,,,,,,,,,,,
Source: Recommended,,,,,,,,,,,,,,,,,,,,,,,,,,,,,,,,,,,,,,,,,,,,,,,,,,,,,,,,,,,,,,,,,,,,,,,,,,,,,,,,,,,,,,,,,,,,,,,,,,,,,,,,,,,,,,,,,,,,,,,,,,,,,,,,,,,,,,,,,,,,,,,,,,,,,
Periods: Custom,,,,,,,,,,,,,,,,,,,,,,,,,,,,,,,,,,,,,,,,,,,,,,,,,,,,,,,,,,,,,,,,,,,,,,,,,,,,,,,,,,,,,,,,,,,,,,,,,,,,,,,,,,,,,,,,,,,,,,,,,,,,,,,,,,,,,,,,,,,,,,,,,,,,,
Magnitude: Thousands (K),,,,,,,,,,,,,,,,,,,,,,,,,,,,,,,,,,,,,,,,,,,,,,,,,,,,,,,,,,,,,,,,,,,,,,,,,,,,,,,,,,,,,,,,,,,,,,,,,,,,,,,,,,,,,,,,,,,,,,,,,,,,,,,,,,,,,,,,,,,,,,,,,,,,,
Native Currency: USD,,,,,,,,,,,,,,,,,,,,,,,,,,,,,,,,,,,,,,,,,,,,,,,,,,,,,,,,,,,,,,,,,,,,,,,,,,,,,,,,,,,,,,,,,,,,,,,,,,,,,,,,,,,,,,,,,,,,,,,,,,,,,,,,,,,,,,,,,,,,,,,,,,,,,
Current Currency: Reported Currency,,,,,,,,,,,,,,,,,,,,,,,,,,,,,,,,,,,,,,,,,,,,,,,,,,,,,,,,,,,,,,,,,,,,,,,,,,,,,,,,,,,,,,,,,,,,,,,,,,,,,,,,,,,,,,,,,,,,,,,,,,,,,,,,,,,,,,,,,,,,,,,,,,,,,
,,,,,,,,,,,,,,,,,,,,,,,,,,,,,,,,,,,,,,,,,,,,,,,,,,,,,,,,,,,,,,,,,,,,,,,,,,,,,,,,,,,,,,,,,,,,,,,,,,,,,,,,,,,,,,,,,,,,,,,,,,,,,,,,,,,,,,,,,,,,,,,,,,,,,
Recommended: S&P Capital IQ - Standard,1994 FQ1,1994 FQ2,1994 FQ3,1994 FQ4,1995 FQ1,1995 FQ2,1995 FQ3,1995 FQ4,1996 FQ1,1996 FQ2,1996 FQ3,1996 FQ4,1997 FQ1,1997 FQ2,1997 FQ3,1997 FQ4,1998 FQ1,1998 FQ2,1998 FQ3,1998 FQ4,1999 FQ1,1999 FQ2,1999 FQ3,1999 FQ4,2000 FQ1,2000 FQ2,2000 FQ3,2000 FQ4,2001 FQ1,2001 FQ2,2001 FQ3,2001 FQ4,2002 FQ1,2002 FQ2,2002 FQ3,2002 FQ4,2003 FQ1,2003 FQ2,2003 FQ3,2003 FQ4,2004 FQ1,2004 FQ2,2004 FQ3,2004 FQ4,2005 FQ1,2005 FQ2,2005 FQ3,2005 FQ4,2006 FQ1,2006 FQ2,2006 FQ3,2006 FQ4,2007 FQ1,2007 FQ2,2007 FQ3,2007 FQ4,2008 FQ1,2008 FQ2,2008 FQ3,2008 FQ4,2009 FQ1,2009 FQ2,2009 FQ3,2009 FQ4,2010 FQ1,2010 FQ2,2010 FQ3,2010 FQ4,2011 FQ1,2011 FQ2,2011 FQ3,2011 FQ4,2012 FQ1,2012 FQ2,2012 FQ3,2012 FQ4,2013 FQ1,2013 FQ2,2013 FQ3,2013 FQ4,2014 FQ1,2014 FQ2,2014 FQ3,2014 FQ4,2015 FQ1,2015 FQ2,2015 FQ3,2015 FQ4,2016 FQ1,2016 FQ2,2016 FQ3,2016 FQ4,2017 FQ1,2017 FQ2,2017 FQ3,2017 FQ4,2018 FQ1,2018 FQ2,2018 FQ3,2018 FQ4,2019 FQ1,2019 FQ2,2019 FQ3,2019 FQ4,2020 FQ1,2020 FQ2,2020 FQ3,2020 FQ4,2021 FQ1,2021 FQ2,2021 FQ3,2021 FQ4,2022 FQ1,,,,,,,,,,,,,,,,,,,,,,,,,,,,,,,,,,,,
 ,Current/Restated,Current/Restated,Current/Restated,Current/Restated,Current/Restated,Current/Restated,Current/Restated,Current/Restated,Current/Restated,Current/Restated,Current/Restated,Current/Restated,Current/Restated,Current/Restated,Current/Restated,Current/Restated,Current/Restated,Current/Restated,Current/Restated,Current/Restated,Current/Restated,Current/Restated,Current/Restated,Current/Restated,Current/Restated,Current/Restated,Current/Restated,Current/Restated,Current/Restated,Current/Restated,Current/Restated,Current/Restated,Current/Restated,Current/Restated,Current/Restated,Current/Restated,Current/Restated,Current/Restated,Current/Restated,Current/Restated,Current/Restated,Current/Restated,Current/Restated,Current/Restated,Current/Restated,Current/Restated,Current/Restated,Current/Restated,Current/Restated,Current/Restated,Current/Restated,Current/Restated,Current/Restated,Current/Restated,Current/Restated,Current/Restated,Current/Restated,Current/Restated,Current/Restated,Current/Restated,Current/Restated,Current/Restated,Current/Restated,Current/Restated,Current/Restated,Current/Restated,Current/Restated,Current/Restated,Current/Restated,Current/Restated,Current/Restated,Current/Restated,Current/Restated,Current/Restated,Current/Restated,Current/Restated,Current/Restated,Current/Restated,Current/Restated,Current/Restated,Current/Restated,Current/Restated,Current/Restated,Current/Restated,Current/Restated,Current/Restated,Current/Restated,Current/Restated,Current/Restated,Current/Restated,Current/Restated,Current/Restated,Current/Restated,Current/Restated,Current/Restated,Current/Restated,Current/Restated,Current/Restated,Current/Restated,Current/Restated,Current/Restated,Current/Restated,Current/Restated,Current/Restated,Current/Restated,Current/Restated,Current/Restated,Current/Restated,Current/Restated,Current/Restated,Current/Restated,Current/Restated,Current/Restated,,,,,,,,,,,,,,,,,,,,,,,,,,,,,,,,,,,,
Period Ended,8/31/93,11/30/93,2/28/94,5/31/94,8/31/94,11/30/94,2/28/95,5/31/95,8/31/95,11/30/95,2/29/96,5/31/96,8/31/96,11/30/96,2/28/97,5/31/97,8/31/97,11/30/97,2/28/98,5/31/98,8/31/98,11/30/98,2/28/99,5/31/99,8/31/99,11/30/99,2/29/00,5/31/00,8/31/00,11/30/00,2/28/01,5/31/01,8/31/01,11/30/01,2/28/02,5/31/02,8/31/02,11/30/02,2/28/03,5/31/03,8/31/03,11/30/03,2/29/04,5/31/04,8/31/04,11/30/04,2/28/05,5/31/05,8/31/05,11/30/05,2/28/06,5/31/06,8/31/06,11/30/06,2/28/07,5/31/07,8/31/07,11/30/07,2/29/08,5/31/08,8/31/08,11/30/08,2/28/09,5/31/09,8/31/09,11/30/09,2/28/10,5/31/10,8/31/10,11/30/10,2/28/11,5/31/11,8/31/11,11/30/11,2/29/12,5/31/12,8/31/12,11/30/12,2/28/13,5/31/13,8/31/13,11/30/13,2/28/14,5/31/14,8/31/14,11/30/14,2/28/15,5/31/15,8/31/15,11/30/15,2/29/16,5/31/16,8/31/16,11/30/16,2/28/17,5/31/17,8/31/17,11/30/17,2/28/18,5/31/18,8/31/18,11/30/18,2/28/19,5/31/19,8/31/19,11/30/19,2/29/20,5/31/20,8/31/20,11/30/20,2/28/21,5/31/21,8/31/21,,,,,,,,,,,,,,,,,,,,,,,,,,,,,,,,,,,,
Financial Filing Date,1/17/95,1/17/95,4/17/95,8/30/96,10/16/95,1/16/96,4/15/96,8/29/97,10/15/96,1/14/97,4/14/97,8/26/98,10/15/97,1/14/98,4/14/98,8/26/99,10/15/98,1/14/99,4/14/99,8/29/00,10/15/99,1/14/00,4/14/00,8/9/01,10/16/00,1/16/01,4/16/01,8/14/02,10/15/01,1/14/02,4/15/02,8/7/03,10/15/02,1/10/03,4/14/03,7/30/04,10/10/03,1/12/04,4/8/04,7/29/05,9/30/04,12/22/04,4/6/05,7/28/06,10/3/05,1/6/06,4/7/06,7/27/07,10/4/06,1/4/07,4/4/07,7/28/08,10/4/07,1/9/08,4/4/08,7/27/09,10/6/08,1/7/09,4/9/09,7/20/10,10/8/09,1/6/10,4/7/10,7/22/11,10/6/10,1/6/11,4/6/11,7/24/12,10/6/11,1/5/12,4/6/12,7/23/13,1/9/13,1/9/13,4/4/13,7/25/14,10/7/13,1/7/14,4/7/14,7/23/15,10/7/14,1/7/15,4/7/15,7/21/16,10/6/15,1/6/16,4/5/16,7/20/17,10/11/16,1/5/17,4/4/17,7/25/18,10/6/17,1/5/18,4/5/18,7/23/19,10/5/18,1/8/19,4/4/19,7/24/20,10/4/19,1/7/20,4/7/20,7/20/21,10/8/20,1/5/21,4/2/21,7/20/21,10/5/21,10/5/21,10/5/21,7/20/21,10/5/21,,,,,,,,,,,,,,,,,,,,,,,,,,,,,,,,,,,,
Spot Exchange Rate,1.000000,1.000000,1.000000,1.000000,1.000000,1.000000,1.000000,1.000000,1.000000,1.000000,1.000000,1.000000,1.000000,1.000000,1.000000,1.000000,1.000000,1.000000,1.000000,1.000000,1.000000,1.000000,1.000000,1.000000,1.000000,1.000000,1.000000,1.000000,1.000000,1.000000,1.000000,1.000000,1.000000,1.000000,1.000000,1.000000,1.000000,1.000000,1.000000,1.000000,1.000000,1.000000,1.000000,1.000000,1.000000,1.000000,1.000000,1.000000,1.000000,1.000000,1.000000,1.000000,1.000000,1.000000,1.000000,1.000000,1.000000,1.000000,1.000000,1.000000,1.000000,1.000000,1.000000,1.000000,1.000000,1.000000,1.000000,1.000000,1.000000,1.000000,1.000000,1.000000,1.000000,1.000000,1.000000,1.000000,1.000000,1.000000,1.000000,1.000000,1.000000,1.000000,1.000000,1.000000,1.000000,1.000000,1.000000,1.000000,1.000000,1.000000,1.000000,1.000000,1.000000,1.000000,1.000000,1.000000,1.000000,1.000000,1.000000,1.000000,1.000000,1.000000,1.000000,1.000000,1.000000,1.000000,1.000000,1.000000,1.000000,1.000000,1.000000,1.000000,1.000000,,,,,,,,,,,,,,,,,,,,,,,,,,,,,,,,,,,,
Average Exchange Rate,1.000000,1.000000,1.000000,1.000000,1.000000,1.000000,1.000000,1.000000,1.000000,1.000000,1.000000,1.000000,1.000000,1.000000,1.000000,1.000000,1.000000,1.000000,1.000000,1.000000,1.000000,1.000000,1.000000,1.000000,1.000000,1.000000,1.000000,1.000000,1.000000,1.000000,1.000000,1.000000,1.000000,1.000000,1.000000,1.000000,1.000000,1.000000,1.000000,1.000000,1.000000,1.000000,1.000000,1.000000,1.000000,1.000000,1.000000,1.000000,1.000000,1.000000,1.000000,1.000000,1.000000,1.000000,1.000000,1.000000,1.000000,1.000000,1.000000,1.000000,1.000000,1.000000,1.000000,1.000000,1.000000,1.000000,1.000000,1.000000,1.000000,1.000000,1.000000,1.000000,1.000000,1.000000,1.000000,1.000000,1.000000,1.000000,1.000000,1.000000,1.000000,1.000000,1.000000,1.000000,1.000000,1.000000,1.000000,1.000000,1.000000,1.000000,1.000000,1.000000,1.000000,1.000000,1.000000,1.000000,1.000000,1.000000,1.000000,1.000000,1.000000,1.000000,1.000000,1.000000,1.000000,1.000000,1.000000,1.000000,1.000000,1.000000,1.000000,1.000000,1.000000,,,,,,,,,,,,,,,,,,,,,,,,,,,,,,,,,,,,
 ,,,,,,,,,,,,,,,,,,,,,,,,,,,,,,,,,,,,,,,,,,,,,,,,,,,,,,,,,,,,,,,,,,,,,,,,,,,,,,,,,,,,,,,,,,,,,,,,,,,,,,,,,,,,,,,,,,,,,,,,,,,,,,,,,,,,,,,,,,,,,,,,,,,,,
($000),,,,,,,,,,,,,,,,,,,,,,,,,,,,,,,,,,,,,,,,,,,,,,,,,,,,,,,,,,,,,,,,,,,,,,,,,,,,,,,,,,,,,,,,,,,,,,,,,,,,,,,,,,,,,,,,,,,,,,,,,,,,,,,,,,,,,,,,,,,,,,,,,,,,,
Revenue,"956,834","805,789","871,845","1,004,156","1,170,355","1,053,746","1,124,697","1,412,036","1,700,020","1,356,758","1,582,039","1,831,808","2,281,926","2,107,034","2,423,648","2,373,892","2,766,100","2,255,300","2,224,000","2,307,700","2,504,800","1,913,000","2,176,800","2,182,300","2,501,100","2,059,700","2,161,600","2,272,700","2,636,700","2,198,700","2,170,100","2,483,300","2,613,700","2,336,800","2,260,300","2,682,200","2,796,300","2,514,700","2,400,900","2,985,100","3,024,900","2,837,100","2,904,000","3,487,100","3,561,800","3,148,300","3,308,200","3,721,400","3,862,000","3,474,700","3,612,800","4,005,400","4,194,100","3,821,700","3,926,900","4,383,200","4,655,100","4,339,500","4,544,400","5,088,000","5,432,200","4,590,100","4,440,800","4,713,000","4,799,000","4,405,000","4,733,000","5,077,000","5,175,000","4,842,000","5,079,000","5,766,000","5,893,000","5,546,000","5,656,000","6,236,000","6,474,000","5,955,000","6,187,000","6,697,000","6,971,000","6,431,000","6,972,000","7,425,000","7,982,000","7,380,000","7,460,000","7,779,000","8,414,000","7,686,000","8,032,000","8,244,000","9,061,000","8,180,000","8,432,000","8,677,000","9,070,000","8,554,000","8,984,000","9,789,000","9,948,000","9,374,000","9,611,000","10,184,000","10,660,000","10,326,000","10,104,000","6,313,000","10,594,000","11,243,000","10,357,000","12,344,000","12,248,000",,,,,,,,,,,,,,,,,,,,,,,,,,,,,,,,,,,,
        Total Revenue,"956,834","805,789","871,845","1,004,156","1,170,355","1,053,746","1,124,697","1,412,036","1,700,020","1,356,758","1,582,039","1,831,808","2,281,926","2,107,034","2,423,648","2,373,892","2,766,100","2,255,300","2,224,000","2,307,700","2,504,800","1,913,000","2,176,800","2,182,300","2,501,100","2,059,700","2,161,600","2,272,700","2,636,700","2,198,700","2,170,100","2,483,300","2,613,700","2,336,800","2,260,300","2,682,200","2,796,300","2,514,700","2,400,900","2,985,100","3,024,900","2,837,100","2,904,000","3,487,100","3,561,800","3,148,300","3,308,200","3,721,400","3,862,000","3,474,700","3,612,800","4,005,400","4,194,100","3,821,700","3,926,900","4,383,200","4,655,100","4,339,500","4,544,400","5,088,000","5,432,200","4,590,100","4,440,800","4,713,000","4,799,000","4,405,000","4,733,000","5,077,000","5,175,000","4,842,000","5,079,000","5,766,000","5,893,000","5,546,000","5,656,000","6,236,000","6,474,000","5,955,000","6,187,000","6,697,000","6,971,000","6,431,000","6,972,000","7,425,000","7,982,000","7,380,000","7,460,000","7,779,000","8,414,000","7,686,000","8,032,000","8,244,000","9,061,000","8,180,000","8,432,000","8,677,000","9,070,000","8,554,000","8,984,000","9,789,000","9,948,000","9,374,000","9,611,000","10,184,000","10,660,000","10,326,000","10,104,000","6,313,000","10,594,000","11,243,000","10,357,000","12,344,000","12,248,000",,,,,,,,,,,,,,,,,,,,,,,,,,,,,,,,,,,,
Cost Of Goods Sold,"581,968","496,128","537,066","608,922","700,447","640,031","678,404","857,598","1,013,379","828,129","953,316","1,127,422","1,362,119","1,277,628","1,435,427","1,446,326","1,665,500","1,409,500","1,428,800","1,572,800","1,562,600","1,229,600","1,364,900","1,334,200","1,534,700","1,238,000","1,286,400","1,360,500","1,569,200","1,327,300","1,341,500","1,546,800","1,584,800","1,441,400","1,376,800","1,601,700","1,639,200","1,504,600","1,424,900","1,744,900","1,723,400","1,637,500","1,682,100","1,958,400","1,976,000","1,760,200","1,849,400","2,038,700","2,113,900","1,963,300","2,038,700","2,252,000","2,344,900","2,164,600","2,191,700","2,464,200","2,568,100","2,418,400","2,496,500","2,756,600","2,870,100","2,540,100","2,492,300","2,669,200","2,583,000","2,445,000","2,515,000","2,671,000","2,741,000","2,649,000","2,752,000","3,212,000","3,275,000","3,170,000","3,171,000","3,567,000","3,646,000","3,425,000","3,451,000","3,757,000","3,839,000","3,605,000","3,869,000","4,040,000","4,261,000","4,053,000","4,034,000","4,186,000","4,419,000","4,185,000","4,343,000","4,458,000","4,938,000","4,564,000","4,682,000","4,854,000","5,108,000","4,876,000","5,046,000","5,411,000","5,551,000","5,269,000","5,272,000","5,551,000","5,789,000","5,782,000","5,631,000","3,960,000","5,853,000","6,366,000","5,632,000","6,686,000","6,552,000",,,,,,,,,,,,,,,,,,,,,,,,,,,,,,,,,,,,
        Gross Profit,"374,866","309,661","334,779","395,234","469,908","413,715","446,293","554,438","686,641","528,629","628,723","704,386","919,807","829,406","988,221","927,566","1,100,600","845,800","795,200","734,900","942,200","683,400","811,900","848,100","966,400","821,700","875,200","912,200","1,067,500","871,400","828,600","936,500","1,028,900","895,400","883,500","1,080,500","1,157,100","1,010,100","976,000","1,240,200","1,301,500","1,199,600","1,221,900","1,528,700","1,585,800","1,388,100","1,458,800","1,682,700","1,748,100","1,511,400","1,574,100","1,753,400","1,849,200","1,657,100","1,735,200","1,919,000","2,087,000","1,921,100","2,047,900","2,331,400","2,562,100","2,050,000","1,948,500","2,043,800","2,216,000","1,960,000","2,218,000","2,406,000","2,434,000","2,193,000","2,327,000","2,554,000","2,618,000","2,376,000","2,485,000","2,669,000","2,828,000","2,530,000","2,736,000","2,940,000","3,132,000","2,826,000","3,103,000","3,385,000","3,721,000","3,327,000","3,426,000","3,593,000","3,995,000","3,501,000","3,689,000","3,786,000","4,123,000","3,616,000","3,750,000","3,823,000","3,962,000","3,678,000","3,938,000","4,378,000","4,397,000","4,105,000","4,339,000","4,633,000","4,871,000","4,544,000","4,473,000","2,353,000","4,741,000","4,877,000","4,725,000","5,658,000","5,696,000",,,,,,,,,,,,,,,,,,,,,,,,,,,,,,,,,,,,
 ,,,,,,,,,,,,,,,,,,,,,,,,,,,,,,,,,,,,,,,,,,,,,,,,,,,,,,,,,,,,,,,,,,,,,,,,,,,,,,,,,,,,,,,,,,,,,,,,,,,,,,,,,,,,,,,,,,,,,,,,,,,,,,,,,,,,,,,,,,,,,,,,,,,,,
Selling General & Admin Exp.,"231,374","223,468","231,285","280,067","292,294","268,873","278,311","370,282","369,043","353,715","387,534","478,320","529,537","530,453","577,579","666,131","658,900","593,100","651,400","720,500","652,600","531,900","569,800","672,300","626,500","624,800","632,400","722,600","701,100","673,100","660,200","655,300","696,200","677,700","682,500","764,000","804,800","761,900","758,100","829,500","869,600","902,500","892,000","1,037,900","1,073,600","973,200","1,035,700","1,139,200","1,104,400","1,054,700","1,086,600","1,232,100","1,289,700","1,223,700","1,243,300","1,272,000","1,434,700","1,429,500","1,403,200","1,686,300","1,856,400","1,546,800","1,352,100","1,394,300","1,546,000","1,479,000","1,563,000","1,738,000","1,673,000","1,611,000","1,637,000","1,772,000","1,730,000","1,731,000","1,708,000","1,896,000","2,059,000","1,836,000","1,863,000","2,038,000","2,058,000","2,091,000","2,169,000","2,448,000","2,480,000","2,438,000","2,379,000","2,595,000","2,577,000","2,560,000","2,566,000","2,766,000","2,897,000","2,505,000","2,496,000","2,665,000","2,856,000","2,768,000","2,767,000","3,120,000","3,063,000","3,142,000","3,091,000","3,406,000","3,328,000","3,324,000","3,283,000","3,191,000","2,975,000","3,160,000","3,018,000","3,655,000","3,572,000",,,,,,,,,,,,,,,,,,,,,,,,,,,,,,,,,,,,
Amort. of Goodwill and Intangibles,NA,NA,NA,"8,409",NA,NA,NA,"13,176",NA,NA,NA,"21,772",NA,NA,NA,"19,800",NA,NA,NA,"19,800",NA,NA,NA,"19,400",NA,NA,NA,"18,500",NA,NA,NA,NA,NA,NA,,,,,,,,,,,,,,,,,,,,,,,,,,,,,,,,,,,,,,,,,,,,,,,,,,,,,,,,,,,,,,,,,,,,,,,,,,,,,,,,,,,,,,,,,,,,,,,,,,,,,,,,,,,,,,,,,,,
"        Other Operating Exp., Total","231,374","223,468","231,285","288,476","292,294","268,873","278,311","383,458","369,043","353,715","387,534","500,092","529,537","530,453","577,579","685,931","658,900","593,100","651,400","740,300","652,600","531,900","569,800","691,700","626,500","624,800","632,400","741,100","701,100","673,100","660,200","655,300","696,200","677,700","682,500","764,000","804,800","761,900","758,100","829,500","869,600","902,500","892,000","1,037,900","1,073,600","973,200","1,035,700","1,139,200","1,104,400","1,054,700","1,086,600","1,232,100","1,289,700","1,223,700","1,243,300","1,272,000","1,434,700","1,429,500","1,403,200","1,686,300","1,856,400","1,546,800","1,352,100","1,394,300","1,546,000","1,479,000","1,563,000","1,738,000","1,673,000","1,611,000","1,637,000","1,772,000","1,730,000","1,731,000","1,708,000","1,896,000","2,059,000","1,836,000","1,863,000","2,038,000","2,058,000","2,091,000","2,169,000","2,448,000","2,480,000","2,438,000","2,379,000","2,595,000","2,577,000","2,560,000","2,566,000","2,766,000","2,897,000","2,505,000","2,496,000","2,665,000","2,856,000","2,768,000","2,767,000","3,120,000","3,063,000","3,142,000","3,091,000","3,406,000","3,328,000","3,324,000","3,283,000","3,191,000","2,975,000","3,160,000","3,018,000","3,655,000","3,572,000",,,,,,,,,,,,,,,,,,,,,,,,,,,,,,,,,,,,
        Operating Income,"143,493","86,193","103,494","106,758","177,614","144,842","167,982","170,980","317,598","174,914","241,189","204,294","390,270","298,953","410,642","241,635","441,700","252,700","143,800","(5,400)","289,600","151,500","242,100","156,400","339,900","196,900","242,800","171,100","366,400","198,300","168,400","281,200","332,700","217,700","201,000","316,500","352,300","248,200","217,900","410,700","431,900","297,100","329,900","490,800","512,200","414,900","423,100","543,500","643,700","456,700","487,500","521,300","559,500","433,400","491,900","647,000","652,300","491,600","644,700","645,100","705,700","503,200","596,400","649,500","670,000","481,000","655,000","668,000","761,000","582,000","690,000","782,000","888,000","645,000","777,000","773,000","769,000","694,000","873,000","902,000","1,074,000","735,000","934,000","937,000","1,241,000","889,000","1,047,000","998,000","1,418,000","941,000","1,123,000","1,020,000","1,226,000","1,111,000","1,254,000","1,158,000","1,106,000","910,000","1,171,000","1,258,000","1,334,000","963,000","1,248,000","1,227,000","1,543,000","1,220,000","1,190,000","(838,000)","1,766,000","1,717,000","1,707,000","2,003,000","2,124,000",,,,,,,,,,,,,,,,,,,,,,,,,,,,,,,,,,,,
 ,,,,,,,,,,,,,,,,,,,,,,,,,,,,,,,,,,,,,,,,,,,,,,,,,,,,,,,,,,,,,,,,,,,,,,,,,,,,,,,,,,,,,,,,,,,,,,,,,,,,,,,,,,,,,,,,,,,,,,,,,,,,,,,,,,,,,,,,,,,,,,,,,,,,,
Interest Expense,"(4,256)","(3,880)","(3,988)","(2,782)","(4,757)","(3,941)","(6,257)","(9,253)","(11,251)","(8,527)","(12,086)","(7,634)","(12,666)","(10,228)","(15,793)","(13,613)","(16,900)","(17,100)","(13,200)","(12,800)","(14,200)","(10,100)","(10,400)","(9,400)","(10,000)","(6,700)","(13,900)","(14,400)","(15,400)","(16,700)","(14,000)","(12,600)","(13,000)","(12,300)","(12,100)","(10,200)","(7,200)","(7,100)","(7,000)","(7,400)","(7,500)","(8,100)","(5,500)","(3,900)","(4,800)","(3,700)",NA,NA,NA,NA,NA,NA,NA,NA,NA,NA,NA,NA,NA,"(38,700)",NA,NA,"(3,000)","(40,200)","(1,000)","(2,000)","(1,000)","(32,000)",NA,"(9,000)","(8,000)","(11,000)","(8,000)","(10,000)","(7,000)","(6,000)","(5,000)","(5,000)","(4,000)","(16,000)","(9,000)","(9,000)","(11,000)","(9,000)","(10,000)","(11,000)","(7,000)","(6,000)","(6,000)","(7,000)","(9,000)","(9,000)","(11,000)","(20,000)","(27,000)","(28,000)","(27,000)","(26,000)","(25,000)","(46,000)","(31,000)","(34,000)","(32,000)","(34,000)","(36,000)","(26,000)","(28,000)","(61,000)","(72,000)","(76,000)","(72,000)","(76,000)","(74,000)",,,,,,,,,,,,,,,,,,,,,,,,,,,,,,,,,,,,
Interest and Invest. Income,NA,NA,NA,"19,064",NA,NA,NA,"26,094",NA,NA,NA,"16,083",NA,NA,NA,"20,100",NA,NA,NA,"16,500",NA,NA,NA,"13,000",NA,NA,NA,"13,600",NA,NA,NA,"13,900",NA,NA,NA,"13,600",NA,NA,NA,NA,NA,NA,NA,NA,NA,NA,100,"3,600","6,400","5,700","8,400","16,300","13,100","14,100","15,800","24,200","24,600","23,100","18,700","49,400","10,100","5,000",NA,"37,600",NA,NA,NA,"30,000","1,000","8,000","8,000","7,000","8,000","7,000","7,000","5,000","8,000","6,000","6,000","9,000","1,000","1,000","2,000","1,000","1,000","2,000","1,000","2,000","2,000","2,000","4,000","4,000","4,000","5,000","8,000","10,000","11,000","13,000","12,000","34,000","20,000","20,000","20,000","22,000","21,000","14,000","16,000","11,000","7,000","6,000","8,000","13,000","17,000",,,,,,,,,,,,,,,,,,,,,,,,,,,,,,,,,,,,
        Net Interest Exp.,"(4,256)","(3,880)","(3,988)","16,282","(4,757)","(3,941)","(6,257)","16,841","(11,251)","(8,527)","(12,086)","8,449","(12,666)","(10,228)","(15,793)","6,487","(16,900)","(17,100)","(13,200)","3,700","(14,200)","(10,100)","(10,400)","3,600","(10,000)","(6,700)","(13,900)",(800),"(15,400)","(16,700)","(14,000)","1,300","(13,000)","(12,300)","(12,100)","3,400","(7,200)","(7,100)","(7,000)","(7,400)","(7,500)","(8,100)","(5,500)","(3,900)","(4,800)","(3,700)",100,"3,600","6,400","5,700","8,400","16,300","13,100","14,100","15,800","24,200","24,600","23,100","18,700","10,700","10,100","5,000","(3,000)","(2,600)","(1,000)","(2,000)","(1,000)","(2,000)","1,000","(1,000)",0,"(4,000)",0,"(3,000)",0,"(1,000)","3,000","1,000","2,000","(7,000)","(8,000)","(8,000)","(9,000)","(8,000)","(9,000)","(9,000)","(6,000)","(4,000)","(4,000)","(5,000)","(5,000)","(5,000)","(7,000)","(15,000)","(19,000)","(18,000)","(16,000)","(13,000)","(13,000)","(12,000)","(11,000)","(14,000)","(12,000)","(12,000)","(15,000)","(12,000)","(12,000)","(50,000)","(65,000)","(70,000)","(64,000)","(63,000)","(57,000)",,,,,,,,,,,,,,,,,,,,,,,,,,,,,,,,,,,,
Currency Exchange Gains,NA,NA,NA,NA,NA,NA,NA,NA,NA,NA,NA,NA,NA,NA,NA,NA,NA,NA,NA,NA,NA,NA,NA,NA,NA,NA,NA,"36,100",NA,NA,NA,NA,NA,NA,NA,NA,NA,NA,"(106,000)","93,000",NA,"(14,300)","(20,000)","(10,400)",NA,"(8,200)",NA,"(29,100)",NA,NA,NA,NA,NA,NA,NA,NA,NA,NA,NA,"(76,600)",NA,NA,"7,900","86,400","(8,000)","(34,000)","(2,000)",0,"9,000","(2,000)","7,000","(47,000)","(34,000)","19,000","(13,000)","84,000","(21,000)","(20,000)","33,000","(48,000)","(10,000)","(19,000)","(15,000)","(95,000)","98,000","200,000","322,000","(692,000)","32,000","102,000","41,000","(598,000)","8,000","233,000","1,000","(301,000)","(192,000)","5,000","(116,000)","193,000","105,000","74,000","(41,000)","(235,000)","46,000","(21,000)","(12,000)","(100,000)","(30,000)","10,000","7,000","(201,000)","14,000",,,,,,,,,,,,,,,,,,,,,,,,,,,,,,,,,,,,
Other Non-Operating Inc.,"(1,089)","1,182","3,229","(4,416)",830,"(1,662)","(5,376)","4,180","(10,249)","(7,375)","(11,429)","13,563","(8,641)",147,"(7,716)","20,210","(13,200)","(6,300)","(8,000)","21,100","(4,600)","(6,700)","(25,500)","33,700","(7,000)","(16,800)",200,"(15,200)","(20,000)","6,400","(6,200)","(28,300)","(5,500)","(6,500)",100,"(4,800)","(11,000)","(11,500)","82,500","(124,400)","(18,500)",NA,"2,800","(3,700)","(1,900)",NA,"(9,800)","19,900","9,900","1,400","10,700","(12,200)","3,200",(200),"(4,400)","(41,300)","(6,600)",900,"(23,300)","37,100","(1,600)","12,400","35,400","(52,000)","20,000","46,000","10,000","17,000","(16,000)","30,000","10,000","42,000","17,000","(29,000)","23,000","(97,000)","49,000","37,000","(50,000)","39,000","(18,000)","6,000","(30,000)","78,000","(101,000)","(202,000)","(317,000)","750,000","(1,000)","(68,000)","(24,000)","656,000","54,000","(215,000)","87,000","329,000","174,000","(23,000)","117,000","(224,000)","(158,000)","(26,000)","96,000","263,000","(13,000)","62,000","115,000","189,000","44,000","(64,000)","15,000","205,000","25,000",,,,,,,,,,,,,,,,,,,,,,,,,,,,,,,,,,,,
        EBT Excl Unusual Items,"138,148","83,495","102,735","118,624","173,687","139,239","156,349","192,001","296,098","159,012","217,674","226,306","368,963","288,872","387,133","268,332","411,600","229,300","122,600","19,400","270,800","134,700","206,200","193,700","322,900","173,400","229,100","191,200","331,000","188,000","148,200","254,200","314,200","198,900","189,000","315,100","334,100","229,600","187,400","371,900","405,900","274,700","307,200","472,800","505,500","403,000","413,400","537,900","660,000","463,800","506,600","525,400","575,800","447,300","503,300","629,900","670,300","515,600","640,100","616,300","714,200","520,600","636,700","681,300","681,000","491,000","662,000","683,000","755,000","609,000","707,000","773,000","871,000","632,000","787,000","759,000","800,000","712,000","858,000","886,000","1,038,000","714,000","880,000","912,000","1,229,000","878,000","1,046,000","1,052,000","1,445,000","970,000","1,135,000","1,073,000","1,281,000","1,114,000","1,323,000","1,168,000","1,072,000","879,000","1,159,000","1,215,000","1,270,000","997,000","1,291,000","1,243,000","1,561,000","1,249,000","1,281,000","(799,000)","1,715,000","1,593,000","1,665,000","1,944,000","2,106,000",,,,,,,,,,,,,,,,,,,,,,,,,,,,,,,,,,,,
Restructuring Charges,NA,NA,NA,"(7,060)",NA,NA,NA,"(11,412)",NA,NA,NA,NA,NA,NA,NA,"(18,100)",NA,NA,NA,"(129,900)",NA,"(20,900)",(800),"(23,400)",NA,NA,NA,"2,500",NA,NA,NA,NA,NA,NA,NA,NA,NA,NA,NA,NA,NA,NA,NA,NA,NA,NA,NA,NA,NA,NA,NA,NA,NA,NA,NA,NA,NA,NA,NA,NA,NA,NA,NA,"(195,000)",NA,NA,NA,NA,NA,NA,NA,NA,NA,NA,NA,"(24,000)",NA,NA,NA,NA,NA,NA,NA,NA,NA,NA,NA,NA,NA,NA,NA,NA,NA,NA,NA,NA,NA,NA,NA,NA,NA,NA,NA,NA,NA,NA,NA,NA,NA,"(137,000)","(29,000)","(90,000)",NA,,,,,,,,,,,,,,,,,,,,,,,,,,,,,,,,,,,,
Impairment of Goodwill,,,,,,,,,,,,,,,,,,,,,,,,,,,,,,,,,,,NA,NA,NA,NA,NA,NA,NA,NA,NA,NA,NA,NA,NA,NA,NA,NA,NA,NA,NA,NA,NA,NA,NA,NA,NA,NA,NA,NA,"(199,300)",0,NA,NA,NA,NA,NA,NA,NA,NA,NA,,,,,,,,,,,,,,,,,,,,,,,,,,,,,,,,,,,,,,,,,,,,,,,,,,,,,,,,,,,,,,,,,,,,,,,,,,,,
Gain (Loss) On Sale Of Assets,NA,NA,NA,NA,NA,NA,NA,NA,NA,NA,NA,NA,NA,NA,NA,NA,NA,NA,NA,NA,NA,NA,NA,"(14,300)",NA,NA,NA,NA,NA,NA,NA,NA,NA,NA,NA,NA,NA,NA,NA,NA,"(5,300)",NA,NA,"(5,300)",NA,NA,NA,NA,NA,NA,NA,NA,NA,NA,"14,700","14,700",NA,NA,"28,600","32,000",NA,NA,NA,NA,NA,NA,NA,NA,NA,NA,NA,NA,NA,,,,,,,,,,,,,,,,,,,,,,,,,,,,,,,,,,,,,,,,,,,,,,,,,,,,,,,,,,,,,,,,,,,,,,,,,,,,
Asset Writedown,,,,,,,,,,,,,,,,,,,,,,,,,,,,,,,,,,,NA,NA,NA,NA,NA,NA,NA,NA,NA,NA,NA,NA,NA,NA,NA,NA,NA,NA,NA,NA,NA,NA,NA,NA,NA,NA,NA,NA,"(202,000)",0,NA,NA,NA,NA,NA,NA,NA,NA,NA,,,,,,,,,,,,,,,,,,,,,,,,,,,,,,,,,,,,,,,,,,,,,,,,,,,,,,,,,,,,,,,,,,,,,,,,,,,,
Other Unusual Items,,,,,,,,,,,,,,,,,,,,,,,,,,,,,,,,,,,NA,NA,NA,NA,NA,NA,NA,NA,NA,NA,NA,NA,NA,NA,NA,NA,NA,"(14,200)",NA,NA,NA,"14,200",NA,NA,NA,NA,NA,NA,NA,NA,NA,NA,NA,NA,NA,NA,NA,NA,NA,NA,NA,NA,NA,NA,NA,NA,NA,NA,NA,NA,NA,NA,NA,NA,NA,NA,NA,NA,NA,NA,NA,NA,NA,NA,NA,NA,NA,NA,NA,NA,NA,NA,"(400,000)","(5,000)",NA,NA,NA,NA,NA,,,,,,,,,,,,,,,,,,,,,,,,,,,,,,,,,,,,
        EBT Incl. Unusual Items,"138,148","83,495","102,735","111,564","173,687","139,239","156,349","180,589","296,098","159,012","217,674","226,306","368,963","288,872","387,133","250,232","411,600","229,300","122,600","(110,500)","270,800","113,800","205,400","156,000","322,900","173,400","229,100","193,700","331,000","188,000","148,200","254,200","314,200","198,900","189,000","315,100","334,100","229,600","187,400","371,900","400,600","274,700","307,200","467,500","505,500","403,000","413,400","537,900","660,000","463,800","506,600","511,200","575,800","447,300","518,000","658,800","670,300","515,600","668,700","648,300","714,200","520,600","235,400","486,300","681,000","491,000","662,000","683,000","755,000","609,000","707,000","773,000","871,000","632,000","787,000","735,000","800,000","712,000","858,000","886,000","1,038,000","714,000","880,000","912,000","1,229,000","878,000","1,046,000","1,052,000","1,445,000","970,000","1,135,000","1,073,000","1,281,000","1,114,000","1,323,000","1,168,000","1,072,000","879,000","1,159,000","1,215,000","1,270,000","997,000","1,291,000","1,243,000","1,561,000","1,249,000","881,000","(804,000)","1,715,000","1,456,000","1,636,000","1,854,000","2,106,000",,,,,,,,,,,,,,,,,,,,,,,,,,,,,,,,,,,,
 ,,,,,,,,,,,,,,,,,,,,,,,,,,,,,,,,,,,,,,,,,,,,,,,,,,,,,,,,,,,,,,,,,,,,,,,,,,,,,,,,,,,,,,,,,,,,,,,,,,,,,,,,,,,,,,,,,,,,,,,,,,,,,,,,,,,,,,,,,,,,,,,,,,,,,
Income Tax Expense,"54,950","31,200","39,500","42,400","67,700","54,300","61,000","67,200","114,000","61,200","83,800","86,900","142,900","112,000","150,000","94,500","158,500","88,200","49,500","(42,800)","107,000","44,900","81,200","61,600","122,700","65,900","83,800","67,700","120,800","68,600","50,800","91,500","110,000","69,600","62,700","106,700","116,900","77,600","62,700","125,700","139,400","95,600","106,900","162,500","178,700","141,100","140,000","188,400","227,700","162,700","180,800","178,400","198,600","121,700","167,200","220,900","100,600","156,200","204,900","157,800","203,700","129,600","(8,400)","144,900","168,000","116,000","165,000","161,000","196,000","152,000","184,000","179,000","210,000","152,000","218,000","176,000","215,000","191,000","196,000","203,000","259,000","180,000","198,000","214,000","267,000","223,000","255,000","187,000","266,000","185,000","185,000","227,000","32,000","272,000","182,000","160,000","122,000","112,000","2,080,000","78,000","178,000","150,000","190,000","254,000","194,000","134,000","34,000","(14,000)","197,000","205,000","187,000","345,000","232,000",,,,,,,,,,,,,,,,,,,,,,,,,,,,,,,,,,,,
        Earnings from Cont. Ops.,"83,198","52,295","63,235","69,164","105,987","84,939","95,349","113,389","182,098","97,812","133,874","139,406","226,063","176,872","237,133","155,732","253,100","141,100","73,100","(67,700)","163,800","68,900","124,200","94,400","200,200","107,500","145,300","126,000","210,200","119,400","97,400","162,700","204,200","129,300","126,300","208,400","217,200","152,000","124,700","246,200","261,200","179,100","200,300","305,000","326,800","261,900","273,400","349,500","432,300","301,100","325,800","332,800","377,200","325,600","350,800","437,900","569,700","359,400","463,800","490,500","510,500","391,000","243,800","341,400","513,000","375,000","497,000","522,000","559,000","457,000","523,000","594,000","661,000","480,000","569,000","559,000","585,000","521,000","662,000","683,000","779,000","534,000","682,000","698,000","962,000","655,000","791,000","865,000","1,179,000","785,000","950,000","846,000","1,249,000","842,000","1,141,000","1,008,000","950,000","767,000","(921,000)","1,137,000","1,092,000","847,000","1,101,000","989,000","1,367,000","1,115,000","847,000","(790,000)","1,518,000","1,251,000","1,449,000","1,509,000","1,874,000",,,,,,,,,,,,,,,,,,,,,,,,,,,,,,,,,,,,
Earnings of Discontinued Ops.,,,,,,,,,,,,,,,,,,,,,,,,,,,,,,,,,,,NA,NA,NA,NA,NA,NA,NA,NA,NA,NA,NA,NA,NA,NA,NA,NA,NA,NA,NA,NA,NA,NA,NA,NA,NA,NA,NA,NA,NA,NA,NA,NA,NA,NA,NA,NA,NA,NA,"(16,000)","(11,000)","(9,000)","(10,000)","(18,000)","(137,000)","204,000","(28,000)",NA,NA,NA,NA,NA,NA,NA,NA,NA,NA,NA,NA,NA,NA,NA,NA,NA,NA,NA,NA,NA,NA,NA,NA,NA,NA,NA,NA,NA,NA,NA,NA,NA,,,,,,,,,,,,,,,,,,,,,,,,,,,,,,,,,,,,
Extraord. Item & Account. Change,NA,NA,NA,NA,NA,NA,NA,NA,NA,NA,NA,NA,NA,NA,NA,NA,NA,NA,NA,NA,NA,NA,NA,NA,NA,NA,NA,NA,NA,NA,NA,NA,"(5,000)",NA,NA,0,"(266,100)",NA,NA,0,NA,NA,NA,NA,NA,NA,NA,NA,NA,NA,NA,NA,NA,NA,NA,NA,NA,NA,NA,NA,NA,NA,NA,NA,NA,NA,NA,NA,NA,NA,NA,NA,NA,,,,,,,,,,,,,,,,,,,,,,,,,,,,,,,,,,,,,,,,,,,,,,,,,,,,,,,,,,,,,,,,,,,,,,,,,,,,
        Net Income to Company,"83,198","52,295","63,235","69,164","105,987","84,939","95,349","113,389","182,098","97,812","133,874","139,406","226,063","176,872","237,133","155,732","253,100","141,100","73,100","(67,700)","163,800","68,900","124,200","94,400","200,200","107,500","145,300","126,000","210,200","119,400","97,400","162,700","199,200","129,300","126,300","208,400","(48,900)","152,000","124,700","246,200","261,200","179,100","200,300","305,000","326,800","261,900","273,400","349,500","432,300","301,100","325,800","332,800","377,200","325,600","350,800","437,900","569,700","359,400","463,800","490,500","510,500","391,000","243,800","341,400","513,000","375,000","497,000","522,000","559,000","457,000","523,000","594,000","645,000","469,000","560,000","549,000","567,000","384,000","866,000","655,000","779,000","534,000","682,000","698,000","962,000","655,000","791,000","865,000","1,179,000","785,000","950,000","846,000","1,249,000","842,000","1,141,000","1,008,000","950,000","767,000","(921,000)","1,137,000","1,092,000","847,000","1,101,000","989,000","1,367,000","1,115,000","847,000","(790,000)","1,518,000","1,251,000","1,449,000","1,509,000","1,874,000",,,,,,,,,,,,,,,,,,,,,,,,,,,,,,,,,,,,
        Net Income,"83,198","52,295","63,235","69,164","105,987","84,939","95,349","113,389","182,098","97,812","133,874","139,406","226,063","176,872","237,133","155,732","253,100","141,100","73,100","(67,700)","163,800","68,900","124,200","94,400","200,200","107,500","145,300","126,000","210,200","119,400","97,400","162,700","199,200","129,300","126,300","208,400","(48,900)","152,000","124,700","246,200","261,200","179,100","200,300","305,000","326,800","261,900","273,400","349,500","432,300","301,100","325,800","332,800","377,200","325,600","350,800","437,900","569,700","359,400","463,800","490,500","510,500","391,000","243,800","341,400","513,000","375,000","497,000","522,000","559,000","457,000","523,000","594,000","645,000","469,000","560,000","549,000","567,000","384,000","866,000","655,000","779,000","534,000","682,000","698,000","962,000","655,000","791,000","865,000","1,179,000","785,000","950,000","846,000","1,249,000","842,000","1,141,000","1,008,000","950,000","767,000","(921,000)","1,137,000","1,092,000","847,000","1,101,000","989,000","1,367,000","1,115,000","847,000","(790,000)","1,518,000","1,251,000","1,449,000","1,509,000","1,874,000",,,,,,,,,,,,,,,,,,,,,,,,,,,,,,,,,,,,
Pref. Dividends and Other Adj.,NA,NA,NA,30,NA,NA,NA,30,NA,NA,NA,30,NA,NA,NA,NA,NA,NA,NA,NA,NA,NA,NA,NA,NA,NA,NA,NA,NA,NA,NA,NA,NA,NA,,,,,,,,,,,,,,,,,,,,,,,,,,,,,,,,,,,,,,,,,,,,,,,,,,,,,,,,,,,,,,,,,,,,,,,,,,,,,,,,,,,,,,,,,,,,,,,,,,,,,,,,,,,,,,,,,,,
        NI to Common Incl Extra Items,"83,198","52,295","63,235","69,134","105,987","84,939","95,349","113,359","182,098","97,812","133,874","139,376","226,063","176,872","237,133","155,732","253,100","141,100","73,100","(67,700)","163,800","68,900","124,200","94,400","200,200","107,500","145,300","126,000","210,200","119,400","97,400","162,700","199,200","129,300","126,300","208,400","(48,900)","152,000","124,700","246,200","261,200","179,100","200,300","305,000","326,800","261,900","273,400","349,500","432,300","301,100","325,800","332,800","377,200","325,600","350,800","437,900","569,700","359,400","463,800","490,500","510,500","391,000","243,800","341,400","513,000","375,000","497,000","522,000","559,000","457,000","523,000","594,000","645,000","469,000","560,000","549,000","567,000","384,000","866,000","655,000","779,000","534,000","682,000","698,000","962,000","655,000","791,000","865,000","1,179,000","785,000","950,000","846,000","1,249,000","842,000","1,141,000","1,008,000","950,000","767,000","(921,000)","1,137,000","1,092,000","847,000","1,101,000","989,000","1,367,000","1,115,000","847,000","(790,000)","1,518,000","1,251,000","1,449,000","1,509,000","1,874,000",,,,,,,,,,,,,,,,,,,,,,,,,,,,,,,,,,,,
        NI to Common Excl. Extra Items,"83,198","52,295","63,235","69,134","105,987","84,939","95,349","113,359","182,098","97,812","133,874","139,376","226,063","176,872","237,133","155,732","253,100","141,100","73,100","(67,700)","163,800","68,900","124,200","94,400","200,200","107,500","145,300","126,000","210,200","119,400","97,400","162,700","204,200","129,300","126,300","208,400","217,200","152,000","124,700","246,200","261,200","179,100","200,300","305,000","326,800","261,900","273,400","349,500","432,300","301,100","325,800","332,800","377,200","325,600","350,800","437,900","569,700","359,400","463,800","490,500","510,500","391,000","243,800","341,400","513,000","375,000","497,000","522,000","559,000","457,000","523,000","594,000","661,000","480,000","569,000","559,000","585,000","521,000","662,000","683,000","779,000","534,000","682,000","698,000","962,000","655,000","791,000","865,000","1,179,000","785,000","950,000","846,000","1,249,000","842,000","1,141,000","1,008,000","950,000","767,000","(921,000)","1,137,000","1,092,000","847,000","1,101,000","989,000","1,367,000","1,115,000","847,000","(790,000)","1,518,000","1,251,000","1,449,000","1,509,000","1,874,000",,,,,,,,,,,,,,,,,,,,,,,,,,,,,,,,,,,,
Per Share Items ($),,,,,,,,,,,,,,,,,,,,,,,,,,,,,,,,,,,,,,,,,,,,,,,,,,,,,,,,,,,,,,,,,,,,,,,,,,,,,,,,,,,,,,,,,,,,,,,,,,,,,,,,,,,,,,,,,,,,,,,,,,,,,,,,,,,,,,,,,,,,,,,,,,,,,
Basic EPS,0.03,0.02,0.03,0.03,0.05,0.04,0.04,0.05,0.08,0.04,0.06,0.06,0.10,0.07,0.10,0.07,0.11,0.06,0.03,(0.03),0.07,0.03,0.06,0.04,0.09,0.05,0.07,0.06,0.10,0.06,0.05,0.08,0.09,0.06,0.06,0.10,(0.02),0.07,0.06,0.12,0.12,0.09,0.10,0.15,0.16,0.12,0.13,0.17,0.21,0.15,0.16,0.16,0.19,0.16,0.17,0.22,0.29,0.18,0.24,0.25,0.26,0.20,0.13,0.18,0.26,0.19,0.26,0.27,0.29,0.24,0.28,0.32,0.35,0.26,0.31,0.30,0.31,0.21,0.48,0.37,0.44,0.30,0.39,0.40,0.56,0.38,0.46,0.50,0.69,0.46,0.56,0.50,0.75,0.51,0.69,0.61,0.58,0.47,(0.57),0.71,0.69,0.54,0.70,0.63,0.88,0.71,0.54,(0.51),0.97,0.80,0.92,0.96,1.19,,,,,,,,,,,,,,,,,,,,,,,,,,,,,,,,,,,,
Basic EPS Excl. Extra Items,0.03,0.02,0.03,0.03,0.05,0.04,0.04,0.05,0.08,0.04,0.06,0.06,0.10,0.07,0.10,0.07,0.11,0.06,0.03,(0.03),0.07,0.03,0.06,0.04,0.09,0.05,0.07,0.06,0.10,0.06,0.05,0.08,0.10,0.06,0.06,0.10,0.10,0.07,0.06,0.12,0.12,0.09,0.10,0.15,0.16,0.12,0.13,0.17,0.21,0.15,0.16,0.16,0.19,0.16,0.17,0.22,0.29,0.18,0.24,0.25,0.26,0.20,0.13,0.18,0.26,0.19,0.26,0.27,0.29,0.24,0.28,0.32,0.36,0.26,0.31,0.31,0.32,0.29,0.37,0.38,0.44,0.30,0.39,0.40,0.56,0.38,0.46,0.50,0.69,0.46,0.56,0.50,0.75,0.51,0.69,0.61,0.58,0.47,(0.57),0.71,0.69,0.54,0.70,0.63,0.88,0.71,0.54,(0.51),0.97,0.80,0.92,0.96,1.19,,,,,,,,,,,,,,,,,,,,,,,,,,,,,,,,,,,,
Weighted Avg. Basic Shares Out. (actual),"2,438,368,000","2,420,768,000","2,404,768,000","2,376,480,000","2,375,104,000","2,347,808,000","2,351,424,000","2,333,760,000","2,333,632,000","2,351,904,000","2,353,696,000","2,363,728,000","2,370,944,000","2,376,176,000","2,308,544,000","2,378,016,000","2,319,200,000","2,322,400,000","2,300,800,000","2,296,744,000","2,293,600,000","2,264,000,000","2,250,400,000","2,256,800,000","2,248,800,000","2,218,400,000","2,192,800,000","2,161,600,000","2,159,200,000","2,158,400,000","2,167,200,000","2,154,400,000","2,148,800,000","2,144,800,000","2,147,200,000","2,135,200,000","2,122,400,000","2,117,600,000","2,111,200,000","2,112,000,000","2,103,200,000","2,106,400,000","2,108,000,000","2,105,600,000","2,101,600,000","2,106,400,000","2,106,400,000","2,088,800,000","2,087,200,000","2,072,000,000","2,071,200,000","2,057,600,000","2,021,600,000","2,009,600,000","2,018,000,000","2,011,200,000","1,997,600,000","1,990,400,000","1,975,600,000","1,965,600,000","1,948,800,000","1,934,800,000","1,936,000,000","1,939,200,000","1,943,200,000","1,948,800,000","1,937,600,000","1,937,600,000","1,918,400,000","1,911,600,000","1,901,200,000","1,877,200,000","1,859,800,000","1,837,000,000","1,830,200,000","1,832,400,000","1,811,200,000","1,794,000,000","1,787,800,000","1,785,200,000","1,778,800,000","1,776,000,000","1,764,600,000","1,747,400,000","1,729,800,000","1,726,200,000","1,722,900,000","1,715,000,000","1,709,000,000","1,706,500,000","1,693,800,000","1,682,400,000","1,672,000,000","1,659,100,000","1,653,100,000","1,646,900,000","1,639,100,000","1,627,000,000","1,623,500,000","1,605,700,000","1,594,000,000","1,581,400,000","1,572,800,000","1,570,200,000","1,562,400,000","1,560,600,000","1,556,300,000","1,555,700,000","1,561,800,000","1,573,000,000","1,578,000,000","1,579,000,000","1,581,900,000",,,,,,,,,,,,,,,,,,,,,,,,,,,,,,,,,,,,
Diluted EPS Incl. Extra Items,0.03,0.02,0.03,0.03,0.05,0.04,0.04,0.05,0.08,0.04,0.06,0.06,0.10,0.07,0.10,0.07,0.11,0.06,0.03,(0.03),0.07,0.03,0.06,0.04,0.09,0.05,0.07,0.06,0.10,0.06,0.04,0.08,0.09,0.06,0.06,0.10,(0.02),0.07,0.06,0.12,0.12,0.08,0.09,0.14,0.15,0.12,0.13,0.16,0.20,0.14,0.16,0.16,0.19,0.16,0.17,0.22,0.28,0.18,0.23,0.25,0.26,0.20,0.13,0.18,0.26,0.19,0.25,0.26,0.29,0.24,0.27,0.31,0.34,0.25,0.30,0.30,0.31,0.21,0.48,0.36,0.43,0.30,0.38,0.39,0.55,0.37,0.45,0.49,0.67,0.45,0.55,0.49,0.73,0.50,0.68,0.60,0.57,0.46,(0.57),0.70,0.67,0.52,0.68,0.62,0.86,0.70,0.53,(0.51),0.95,0.78,0.90,0.94,1.16,,,,,,,,,,,,,,,,,,,,,,,,,,,,,,,,,,,,
Diluted EPS Excl. Extra Items,0.03,0.02,0.03,0.03,0.05,0.04,0.04,0.05,0.08,0.04,0.06,0.06,0.10,0.07,0.10,0.07,0.11,0.06,0.03,(0.03),0.07,0.03,0.06,0.04,0.09,0.05,0.07,0.06,0.10,0.06,0.04,0.08,0.09,0.06,0.06,0.10,0.10,0.07,0.06,0.12,0.12,0.08,0.09,0.14,0.15,0.12,0.13,0.16,0.20,0.14,0.16,0.16,0.19,0.16,0.17,0.22,0.28,0.18,0.23,0.25,0.26,0.20,0.13,0.18,0.26,0.19,0.25,0.26,0.29,0.24,0.27,0.31,0.35,0.26,0.31,0.30,0.32,0.29,0.37,0.38,0.43,0.30,0.38,0.39,0.55,0.37,0.45,0.49,0.67,0.45,0.55,0.49,0.73,0.50,0.68,0.60,0.57,0.46,(0.57),0.70,0.67,0.52,0.68,0.62,0.86,0.70,0.53,(0.51),0.95,0.78,0.90,0.94,1.16,,,,,,,,,,,,,,,,,,,,,,,,,,,,,,,,,,,,
Weighted Avg. Diluted Shares Out. (actual),"2,438,368,000","2,420,768,000","2,404,768,000","2,376,480,000","2,375,104,000","2,347,808,000","2,351,424,000","2,333,760,000","2,333,632,000","2,351,904,000","2,353,696,000","2,363,728,000","2,370,944,000","2,376,176,000","2,378,944,000","2,378,016,000","2,380,000,000","2,373,600,000","2,345,600,000","2,296,744,000","2,336,000,000","2,301,600,000","2,288,800,000","2,298,400,000","2,284,000,000","2,249,600,000","2,215,200,000","2,191,200,000","2,190,400,000","2,185,600,000","2,196,800,000","2,172,000,000","2,172,800,000","2,172,800,000","2,187,200,000","2,176,000,000","2,152,800,000","2,140,000,000","2,133,600,000","2,140,800,000","2,137,600,000","2,156,000,000","2,168,800,000","2,166,400,000","2,158,400,000","2,168,800,000","2,173,600,000","2,148,000,000","2,148,800,000","2,109,600,000","2,107,600,000","2,091,200,000","2,048,000,000","2,029,200,000","2,043,200,000","2,040,800,000","2,029,200,000","2,024,800,000","2,010,000,000","2,000,400,000","1,979,600,000","1,959,200,000","1,952,400,000","1,957,600,000","1,966,400,000","1,978,000,000","1,969,200,000","1,975,600,000","1,954,400,000","1,950,400,000","1,942,000,000","1,914,800,000","1,897,800,000","1,873,800,000","1,869,200,000","1,872,400,000","1,845,600,000","1,826,200,000","1,823,400,000","1,826,800,000","1,821,400,000","1,821,200,000","1,809,600,000","1,790,400,000","1,772,400,000","1,769,600,000","1,767,700,000","1,759,600,000","1,754,500,000","1,751,400,000","1,737,300,000","1,723,100,000","1,708,900,000","1,693,200,000","1,686,300,000","1,678,600,000","1,676,900,000","1,660,900,000","1,623,500,000","1,641,200,000","1,634,400,000","1,620,700,000","1,609,600,000","1,607,500,000","1,597,500,000","1,594,400,000","1,591,600,000","1,555,700,000","1,593,300,000","1,609,500,000","1,616,900,000","1,614,900,000","1,619,600,000",,,,,,,,,,,,,,,,,,,,,,,,,,,,,,,,,,,,
Normalized Basic EPS,0.04,0.02,0.03,0.03,0.05,0.04,0.04,0.05,0.08,0.04,0.06,0.06,0.10,0.08,0.11,0.07,0.11,0.06,0.03,0.01,0.07,0.04,0.06,0.05,0.09,0.05,0.07,0.06,0.10,0.05,0.04,0.07,0.09,0.06,0.06,0.09,0.10,0.07,0.06,0.11,0.12,0.08,0.09,0.14,0.15,0.12,0.12,0.16,0.20,0.14,0.15,0.16,0.18,0.14,0.16,0.20,0.21,0.16,0.20,0.20,0.23,0.17,0.21,0.22,0.22,0.16,0.21,0.22,0.25,0.20,0.23,0.26,0.29,0.22,0.27,0.26,0.28,0.25,0.30,0.31,0.37,0.25,0.31,0.33,0.44,0.32,0.38,0.38,0.53,0.36,0.42,0.40,0.48,0.42,0.50,0.44,0.41,0.34,0.45,0.47,0.50,0.39,0.51,0.50,0.62,0.50,0.51,(0.32),0.69,0.63,0.66,0.77,0.83,,,,,,,,,,,,,,,,,,,,,,,,,,,,,,,,,,,,
Normalized Diluted EPS,0.04,0.02,0.03,0.03,0.05,0.04,0.04,0.05,0.08,0.04,0.06,0.06,0.10,0.08,0.10,0.07,0.11,0.06,0.03,0.01,0.07,0.04,0.06,0.05,0.09,0.05,0.07,0.06,0.09,0.05,0.04,0.07,0.09,0.06,0.05,0.09,0.10,0.07,0.06,0.11,0.12,0.08,0.09,0.14,0.15,0.12,0.12,0.16,0.19,0.14,0.15,0.16,0.18,0.14,0.15,0.19,0.21,0.16,0.20,0.19,0.23,0.17,0.20,0.22,0.22,0.16,0.21,0.22,0.24,0.20,0.23,0.25,0.29,0.21,0.26,0.25,0.27,0.24,0.29,0.30,0.36,0.25,0.30,0.32,0.43,0.31,0.37,0.37,0.52,0.35,0.41,0.39,0.47,0.41,0.49,0.44,0.40,0.33,0.45,0.46,0.49,0.38,0.50,0.48,0.61,0.49,0.50,(0.32),0.67,0.62,0.64,0.75,0.81,,,,,,,,,,,,,,,,,,,,,,,,,,,,,,,,,,,,
Dividends per Share,0.01,0.01,0.01,0.01,0.01,0.01,0.01,0.01,0.01,0.01,0.01,0.01,0.01,0.01,0.01,0.01,0.01,0.02,0.02,0.02,0.02,0.02,0.02,0.02,0.02,0.02,0.02,0.02,0.02,0.02,0.02,0.02,0.02,0.02,0.02,0.02,0.02,0.02,0.02,0.02,0.02,0.03,0.03,0.03,0.03,0.03,0.03,0.03,0.03,0.04,0.04,0.04,0.04,0.05,0.05,0.05,0.05,0.06,0.06,0.06,0.06,0.06,0.06,0.06,0.06,0.07,0.07,0.07,0.07,0.08,0.08,0.08,0.08,0.09,0.09,0.09,0.09,0.11,0.11,0.11,0.11,0.12,0.12,0.12,0.12,0.14,0.14,0.14,0.14,0.16,0.16,0.16,0.16,0.18,0.18,0.18,0.18,0.20,0.20,0.20,0.20,0.22,0.22,0.22,0.22,0.25,0.25,0.25,0.25,0.28,0.28,0.28,0.28,,,,,,,,,,,,,,,,,,,,,,,,,,,,,,,,,,,,
Payout Ratio (%),18.21,28.97,23.66,21.72,13.81,17.25,18.95,15.92,9.83,18.31,16.06,15.45,9.53,12.22,12.16,18.56,11.42,20.62,47.61,NM,21.00,49.64,27.13,35.91,16.93,31.26,NA,NA,15.41,27.14,33.27,NA,16.17,24.90,25.50,NA,NM,20.99,29.67,NA,14.13,20.55,26.26,NA,16.10,20.08,24.14,NA,15.11,21.62,24.68,NA,21.02,23.86,26.57,NA,16.29,25.68,24.67,NA,22.14,28.54,49.63,NA,23.59,32.53,26.56,24.90,23.44,28.23,28.30,24.75,22.48,30.70,29.46,30.06,29.10,NA,21.71,28.70,24.13,35.02,31.09,30.37,21.73,31.60,30.59,27.86,20.36,30.45,28.74,31.92,21.54,31.71,26.12,29.66,31.58,38.46,NM,28.41,29.30,37.54,31.61,34.99,25.24,30.85,45.10,NM,25.30,30.78,29.95,28.83,23.21,,,,,,,,,,,,,,,,,,,,,,,,,,,,,,,,,,,,
Shares per Depositary Receipt (actual),0,0,0,0,0,0,0,0,0,0,0,0,0,0,0,0,0,0,0,0,0,0,0,0,0,0,0,0,0,0,0,0,0,0,0,0,0,0,0,0,0,0,0,0,0,0,0,0,0,0,0,0,0,0,0,0,0,0,0,0,0,0,0,0,0,0,0,0,0,0,0,0,0,0,0,0,0,0,0,0,0,0,0,0,0,0,0,0,0,0,0,0,0,0,0,0,0,0,0,0,0,0,0,0,0,0,0,0,0,0,0,0,0,,,,,,,,,,,,,,,,,,,,,,,,,,,,,,,,,,,,
Supplemental Items ($000),,,,,,,,,,,,,,,,,,,,,,,,,,,,,,,,,,,,,,,,,,,,,,,,,,,,,,,,,,,,,,,,,,,,,,,,,,,,,,,,,,,,,,,,,,,,,,,,,,,,,,,,,,,,,,,,,,,,,,,,,,,,,,,,,,,,,,,,,,,,,,,,,,,,,
EBITDA,"157,898","100,599","120,059","133,980","192,371","161,164","184,932","213,189","337,783","196,358","264,907","268,811","417,282","330,140","447,220","315,158","490,100","307,600","199,600","69,000","346,200","213,700","311,200","197,300","401,500","246,700","298,800","227,300","418,800","253,200","228,100","328,300","390,800","284,400","266,400","397,900","410,800","311,600","281,900","487,300","503,700","383,700","410,300","565,500","573,800","490,700","505,100","611,800","713,300","528,200","580,100","579,400","640,700","494,500","538,800","737,400","723,900","577,400","736,200","717,700","791,000","592,800","676,300","778,000","751,000","575,000","742,000","802,000","823,000","695,000","775,000","873,000","999,000","719,000","875,000","877,000","877,000","852,000","939,000","1,074,000","1,226,000","880,000","1,068,000","1,092,000","1,396,000","1,050,000","1,212,000","1,166,000","1,583,000","1,098,000","1,300,000","1,183,000","1,406,000","1,289,000","1,424,000","1,346,000","1,291,000","1,101,000","1,369,000","1,458,000","1,515,000","1,141,000","1,425,000","1,411,000","1,718,000","1,407,000","1,724,000","(615,000)","1,983,000","1,964,000","1,819,000","2,224,000","2,292,000",,,,,,,,,,,,,,,,,,,,,,,,,,,,,,,,,,,,
EBITA,"143,493","86,193","103,494","114,825","177,614","144,842","167,982","190,105","317,598","174,914","241,189","236,979","390,270","298,953","410,642","271,935","446,300","263,300","154,700","17,500","289,000","168,900","262,000","156,400","358,000","199,200","251,500","177,600","372,800","206,700","176,000","281,200","337,100","231,100","209,400","338,400","354,400","253,600","219,800","424,500","442,500","321,700","342,300","501,500","515,400","431,300","434,000","543,500","644,400","460,900","489,900","523,800","573,800","433,400","494,400","649,500","655,000","493,900","646,500","647,500","707,900","505,500","599,000","654,300","673,000","485,000","658,000","799,000","764,000","586,000","694,000","787,000","893,000","647,000","781,000","776,000","773,000","694,000","876,000","958,000","1,104,000","735,000","987,000","952,000","1,249,000","889,000","1,075,000","1,013,000","1,418,000","941,000","1,141,000","1,020,000","1,233,000","1,116,000","1,254,000","1,161,000","1,112,000","914,000","1,184,000","1,262,000","1,337,000","970,000","1,248,000","1,233,000","1,549,000","1,233,000","1,554,000","(823,000)","1,807,000","1,779,000","1,707,000","2,023,000","2,115,000",,,,,,,,,,,,,,,,,,,,,,,,,,,,,,,,,,,,
EBIT,"143,493","86,193","103,494","106,758","177,614","144,842","167,982","170,980","317,598","174,914","241,189","204,294","390,270","298,953","410,642","241,635","441,700","252,700","143,800","(5,400)","289,600","151,500","242,100","156,400","339,900","196,900","242,800","171,100","366,400","198,300","168,400","281,200","332,700","217,700","201,000","316,500","352,300","248,200","217,900","410,700","431,900","297,100","329,900","490,800","512,200","414,900","423,100","543,500","643,700","456,700","487,500","521,300","559,500","433,400","491,900","647,000","652,300","491,600","644,700","645,100","705,700","503,200","596,400","649,500","670,000","481,000","655,000","668,000","761,000","582,000","690,000","782,000","888,000","645,000","777,000","773,000","769,000","694,000","873,000","902,000","1,074,000","735,000","934,000","937,000","1,241,000","889,000","1,047,000","998,000","1,418,000","941,000","1,123,000","1,020,000","1,226,000","1,111,000","1,254,000","1,158,000","1,106,000","910,000","1,171,000","1,258,000","1,334,000","963,000","1,248,000","1,227,000","1,543,000","1,220,000","1,190,000","(838,000)","1,766,000","1,717,000","1,707,000","2,003,000","2,124,000",,,,,,,,,,,,,,,,,,,,,,,,,,,,,,,,,,,,
Effective Tax Rate (%),39.78,37.37,38.45,38.01,38.98,39.00,39.02,37.21,38.50,38.49,38.50,38.40,38.73,38.77,38.75,37.77,38.51,38.47,40.38,38.73,39.51,39.46,39.53,39.49,38.00,38.01,36.58,34.95,36.50,36.49,34.28,36.00,35.01,34.99,33.18,33.86,34.99,33.80,33.46,33.80,34.80,34.80,34.80,34.76,35.35,35.01,33.87,35.03,34.50,35.08,35.69,34.90,34.49,27.21,32.28,33.53,15.01,30.30,30.64,24.34,28.52,24.89,NM,29.80,24.67,23.63,24.92,23.57,25.96,24.96,26.03,23.16,24.11,24.05,27.70,23.95,26.88,26.83,22.84,22.91,24.95,25.21,22.50,23.47,21.73,25.40,24.38,17.78,18.41,19.07,16.30,21.16,2.50,24.42,13.76,13.70,11.38,12.74,179.47,6.42,14.02,15.05,14.72,20.43,12.43,10.73,3.86,1.74,11.49,14.08,11.43,18.61,11.02,,,,,,,,,,,,,,,,,,,,,,,,,,,,,,,,,,,,
Current Domestic Taxes,NA,NA,NA,"145,724",NA,NA,NA,"206,891",NA,NA,NA,"290,148",NA,NA,NA,"434,100",NA,NA,NA,"301,500",NA,NA,NA,"244,500",NA,NA,NA,"235,600",NA,NA,NA,"190,100",NA,NA,NA,"188,500",NA,NA,NA,"159,200",NA,NA,NA,"228,600",NA,"141,100","140,000","(129,500)","227,700","162,700","180,800","(151,600)",NA,NA,NA,"412,200",NA,NA,NA,"528,300",NA,NA,NA,"456,200",NA,NA,NA,"250,000",NA,NA,NA,"346,000",NA,NA,NA,"340,000",NA,NA,NA,"501,000",NA,NA,NA,"363,000",NA,NA,NA,"676,000",NA,NA,NA,"375,000",NA,NA,NA,"480,000",NA,NA,NA,"1,212,000",NA,NA,NA,"130,000",NA,NA,NA,"(28,000)",NA,NA,NA,"462,000",NA,,,,,,,,,,,,,,,,,,,,,,,,,,,,,,,,,,,,
Current Foreign Taxes,NA,NA,NA,"64,034",NA,NA,NA,"75,964",NA,NA,NA,"127,345",NA,NA,NA,"112,700",NA,NA,NA,"69,400",NA,NA,NA,"50,100",NA,NA,NA,"58,800",NA,NA,NA,"76,200",NA,NA,NA,"147,700",NA,NA,NA,"190,000",NA,NA,NA,"266,800",NA,NA,NA,"292,500",NA,NA,NA,"356,000",NA,NA,NA,"261,900",NA,NA,NA,"391,800",NA,NA,NA,"307,700",NA,NA,NA,"349,000",NA,NA,NA,"441,000",NA,NA,NA,"488,000",NA,NA,NA,"398,000",NA,NA,NA,"499,000",NA,NA,NA,"369,000",NA,NA,NA,"568,000",NA,NA,NA,"439,000",NA,NA,NA,"533,000",NA,NA,NA,"608,000",NA,NA,NA,"756,000",NA,NA,NA,"857,000",NA,,,,,,,,,,,,,,,,,,,,,,,,,,,,,,,,,,,,
Total Current Taxes,NA,NA,NA,"209,758",NA,NA,NA,"282,855",NA,NA,NA,"417,493",NA,NA,NA,"546,800",NA,NA,NA,"370,900",NA,NA,NA,"294,600",NA,NA,NA,"294,400",NA,NA,NA,"266,300",NA,NA,NA,"336,200",NA,NA,NA,"349,200",NA,NA,NA,"495,400",NA,"141,100","140,000","163,000","227,700","162,700","180,800","204,400",NA,NA,NA,"674,100",NA,NA,NA,"920,100",NA,NA,NA,"763,900",NA,NA,NA,"599,000",NA,NA,NA,"787,000",NA,NA,NA,"828,000",NA,NA,NA,"899,000",NA,NA,NA,"862,000",NA,NA,NA,"1,045,000",NA,NA,NA,"943,000",NA,NA,NA,"919,000",NA,NA,NA,"1,745,000",NA,NA,NA,"738,000",NA,NA,NA,"728,000",NA,NA,NA,"1,319,000",NA,,,,,,,,,,,,,,,,,,,,,,,,,,,,,,,,,,,,
Deferred Domestic Taxes,NA,NA,NA,"(14,799)",NA,NA,NA,"(28,119)",NA,NA,NA,"(40,660)",NA,NA,NA,"(26,200)",NA,NA,NA,"(49,000)",NA,NA,NA,"(3,600)",NA,NA,NA,"34,300",NA,NA,NA,"66,800",NA,NA,NA,0,NA,NA,NA,"19,900",NA,NA,NA,"6,300",NA,NA,NA,"16,600",NA,NA,NA,"(11,000)",NA,NA,NA,"33,900",NA,NA,NA,"(278,000)",NA,NA,NA,"(259,300)",NA,NA,NA,"17,000",NA,NA,NA,"(61,000)",NA,NA,NA,"(43,000)",NA,NA,NA,"(4,000)",NA,NA,NA,"16,000",NA,NA,NA,"(77,000)",NA,NA,NA,"(73,000)",NA,NA,NA,"(288,000)",NA,NA,NA,"620,000",NA,NA,NA,"(42,000)",NA,NA,NA,"(278,000)",NA,NA,NA,"(405,000)",NA,,,,,,,,,,,,,,,,,,,,,,,,,,,,,,,,,,,,
Deferred Foreign Taxes,NA,NA,NA,"(3,159)",NA,NA,NA,"(4,536)",NA,NA,NA,"(30,933)",NA,NA,NA,"(21,200)",NA,NA,NA,"(68,500)",NA,NA,NA,"3,700",NA,NA,NA,"11,400",NA,NA,NA,"(1,400)",NA,NA,NA,"12,800",NA,NA,NA,"13,800",NA,NA,NA,"2,700",NA,NA,NA,"8,800",NA,NA,NA,"(15,000)",NA,NA,NA,400,NA,NA,NA,"(22,600)",NA,NA,NA,"(34,800)",NA,NA,NA,"(6,000)",NA,NA,NA,"(15,000)",NA,NA,NA,"(29,000)",NA,NA,NA,"(90,000)",NA,NA,NA,"(27,000)",NA,NA,NA,"(36,000)",NA,NA,NA,"(7,000)",NA,NA,NA,"15,000",NA,NA,NA,"27,000",NA,NA,NA,"76,000",NA,NA,NA,"(102,000)",NA,NA,NA,"20,000",NA,,,,,,,,,,,,,,,,,,,,,,,,,,,,,,,,,,,,
Total Deferred Taxes,NA,NA,NA,"(17,958)",NA,NA,NA,"(32,655)",NA,NA,NA,"(71,593)",NA,NA,NA,"(47,400)",NA,NA,NA,"(117,500)",NA,NA,NA,100,NA,NA,NA,"45,700",NA,NA,NA,"65,400",NA,NA,NA,"12,800",NA,NA,NA,"33,700",NA,NA,NA,"9,000",NA,NA,NA,"25,400",NA,NA,NA,"(26,000)",NA,NA,NA,"34,300",NA,NA,NA,"(300,600)",NA,NA,NA,"(294,100)",NA,NA,NA,"11,000",NA,NA,NA,"(76,000)",NA,NA,NA,"(72,000)",NA,NA,NA,"(94,000)",NA,NA,NA,"(11,000)",NA,NA,NA,"(113,000)",NA,NA,NA,"(80,000)",NA,NA,NA,"(273,000)",NA,NA,NA,"647,000",NA,NA,NA,"34,000",NA,NA,NA,"(380,000)",NA,NA,NA,"(385,000)",NA,,,,,,,,,,,,,,,,,,,,,,,,,,,,,,,,,,,,
Normalized Net Income,"86,342","52,184","64,209","74,140","108,554","87,024","97,718","120,001","185,061","99,383","136,046","141,441","230,602","180,545","241,958","167,708","257,250","143,313","76,625","12,125","169,250","84,188","128,875","121,063","201,813","108,375","143,188","119,500","206,875","117,500","92,625","158,875","196,375","124,313","118,125","196,938","208,813","143,500","117,125","232,438","253,688","171,688","192,000","295,500","315,938","251,875","258,375","336,188","412,500","289,875","316,625","328,375","359,875","279,563","314,563","393,688","418,938","322,250","400,063","385,188","446,375","325,375","397,938","425,813","425,625","306,875","413,750","426,875","471,875","380,625","441,875","483,125","544,375","395,000","491,875","474,375","500,000","445,000","536,250","553,750","648,750","446,250","550,000","570,000","768,125","548,750","653,750","657,500","903,125","606,250","709,375","670,625","800,625","696,250","826,875","730,000","670,000","549,375","724,375","759,375","793,750","623,125","806,875","776,875","975,625","780,625","800,625","(499,375)","1,071,875","995,625","1,040,625","1,215,000","1,316,250",,,,,,,,,,,,,,,,,,,,,,,,,,,,,,,,,,,,
NI per SFAS 123 (after Options),,,,,,,,,,,,,,,,,,,,,,,,,,,,,,,,,,,NA,NA,"(57,500)","140,800","113,400",NA,"249,900","167,000","188,500",NA,"312,700","244,900","257,200",NA,"413,500","281,500",NA,NA,NA,NA,NA,NA,NA,NA,NA,NA,NA,NA,NA,NA,NA,NA,NA,NA,NA,NA,NA,NA,NA,,,,,,,,,,,,,,,,,,,,,,,,,,,,,,,,,,,,,,,,,,,,,,,,,,,,,,,,,,,,,,,,,,,,,,,,,,,,
Supplemental Operating Expense Items ($000),,,,,,,,,,,,,,,,,,,,,,,,,,,,,,,,,,,,,,,,,,,,,,,,,,,,,,,,,,,,,,,,,,,,,,,,,,,,,,,,,,,,,,,,,,,,,,,,,,,,,,,,,,,,,,,,,,,,,,,,,,,,,,,,,,,,,,,,,,,,,,,,,,,,,
Selling and Marketing Expense,NA,NA,NA,NA,NA,NA,NA,NA,NA,NA,NA,NA,NA,NA,NA,NA,NA,NA,NA,NA,NA,NA,NA,NA,NA,NA,NA,NA,NA,NA,NA,NA,NA,NA,NA,NA,NA,NA,NA,NA,NA,NA,NA,NA,NA,NA,NA,NA,NA,NA,NA,NA,NA,NA,NA,"1,912,400",NA,NA,NA,"2,308,300",NA,NA,NA,"2,351,300","554,000","573,000","563,000","666,000","679,000","574,000","578,000","617,000","664,000","616,000","592,000","735,000","871,000","613,000","619,000","642,000","731,000","691,000","733,000","876,000","897,000","766,000","731,000","819,000","832,000","769,000","804,000","873,000","1,041,000","762,000","749,000","789,000","855,000","877,000","862,000","983,000","964,000","910,000","865,000","1,014,000","1,018,000","881,000","870,000","823,000","677,000","729,000","711,000","997,000","918,000",,,,,,,,,,,,,,,,,,,,,,,,,,,,,,,,,,,,
R&D Expense,NA,NA,NA,"24,600",NA,NA,NA,"28,800",NA,NA,NA,"46,800",NA,NA,NA,"73,200",NA,NA,NA,"106,700",NA,NA,NA,"97,500",NA,NA,NA,NA,NA,NA,NA,NA,NA,NA,,,,,,,,,,,,,,,,,,,,,,,,,,,,,,,,,,,,,,,,,,,,,,,,,,,,,,,,,,,,,,,,,,,,,,,,,,,,,,,,,,,,,,,,,,,,,,,,,,,,,,,,,,,,,,,,,,,
"Stock-Based Comp., SG&A Exp.",,,,,,,,,,,,,,,,,,,,,,,,,,,,,,,,,,,NA,NA,NA,NA,NA,NA,NA,NA,NA,NA,NA,NA,NA,NA,NA,NA,NA,"11,800","62,500","29,200","27,400","28,600","63,800","26,500","25,300","25,400","78,200","25,100","23,700","43,600","91,000","24,000","23,000","21,000","21,000","29,000","28,000","27,000","25,000","36,000","34,000","35,000","37,000","46,000","45,000","46,000","42,000","46,000","43,000","46,000","43,000","49,000","48,000","51,000","54,000","62,000","60,000","60,000",NA,NA,NA,NA,NA,NA,NA,NA,NA,NA,NA,NA,NA,NA,NA,NA,NA,NA,NA,NA,NA,,,,,,,,,,,,,,,,,,,,,,,,,,,,,,,,,,,,
"Stock-Based Comp., Unallocated",NA,NA,NA,NA,NA,NA,NA,NA,NA,NA,NA,NA,NA,NA,NA,NA,NA,NA,NA,NA,NA,NA,NA,NA,NA,NA,NA,NA,NA,NA,NA,NA,NA,NA,NA,NA,NA,NA,NA,NA,NA,NA,NA,NA,NA,NA,NA,NA,NA,NA,NA,NA,NA,NA,NA,NA,NA,NA,NA,NA,NA,NA,NA,NA,NA,NA,NA,NA,NA,NA,NA,NA,NA,NA,NA,NA,NA,NA,NA,NA,NA,NA,NA,NA,NA,NA,NA,NA,NA,NA,NA,NA,"57,000","54,000","51,000","53,000","50,000","53,000","55,000","60,000","41,000","92,000","93,000","99,000","80,000","110,000","113,000","126,000","136,000","189,000","142,000","144,000","136,000",,,,,,,,,,,,,,,,,,,,,,,,,,,,,,,,,,,,
"Stock-Based Comp., After-Tax",,,,,,,,,,,,,,,,,,,,,,,,,,,,,,,,,,,NA,NA,NA,NA,NA,NA,NA,NA,NA,NA,NA,300,200,100,NA,NA,NA,NA,NA,NA,NA,NA,NA,NA,NA,NA,NA,NA,NA,NA,NA,NA,NA,NA,NA,NA,NA,NA,NA,,,,,,,,,,,,,,,,,,,,,,,,,,,,,,,,,,,,,,,,,,,,,,,,,,,,,,,,,,,,,,,,,,,,,,,,,,,,
"        Stock-Based Comp., Total",NA,NA,NA,NA,NA,NA,NA,NA,NA,NA,NA,NA,NA,NA,NA,NA,NA,NA,NA,NA,NA,NA,NA,NA,NA,NA,NA,NA,NA,NA,NA,NA,NA,NA,NA,NA,NA,NA,NA,NA,NA,NA,NA,NA,NA,300,200,100,NA,NA,NA,"11,800","62,500","29,200","27,400","28,600","63,800","26,500","25,300","25,400","78,200","25,100","23,700","43,600","91,000","24,000","23,000","21,000","21,000","29,000","28,000","27,000","25,000","36,000","34,000","35,000","37,000","46,000","45,000","46,000","42,000","46,000","43,000","46,000","43,000","49,000","48,000","51,000","54,000","62,000","60,000","60,000","57,000","54,000","51,000","53,000","50,000","53,000","55,000","60,000","41,000","92,000","93,000","99,000","80,000","110,000","113,000","126,000","136,000","189,000","142,000","144,000","136,000",,,,,,,,,,,,,,,,,,,,,,,,,,,,,,,,,,,,
CIQ Restatement Type Code,O,O,O,O,O,NC,NC,NC,RS,RS,RS,RS,NC,NC,NC,RS,RS,RS,RS,RS,NC,NC,NC,RC,NC,NC,NC,NC,NC,NC,NC,RC,NC,NC,NC,NC,RC,RC,RC,RC,NC,NC,NC,NC,NC,NC,NC,NC,NC,NC,NC,NC,NC,NC,NC,NC,NC,NC,NC,NC,NC,NC,NC,NC,RC,RS,RS,RS,NC,NC,NC,NC,RD,RD,RD,RD,RD,NC,NC,RS,RS,RS,RS,RS,NC,NC,NC,NC,NC,NC,NC,NC,NC,NC,NC,NC,NC,NC,NC,NC,NC,NC,NC,NC,NC,NC,NC,NC,RC,NC,NC,O,O,,,,,,,,,,,,,,,,,,,,,,,,,,,,,,,,,,,,
CIQ Calculation Type Code,INTQ,REP,REP,Q4,REP,REP,REP,Q4,REP,REP,REP,Q4,REP,REP,REP,Q4,REP,REP,REP,Q4,REP,REP,REP,Q4,REP,REP,REP,Q4,REP,REP,REP,Q4,REP,REP,REP,Q4,REP,REP,REP,Q4,REP,REP,REP,Q4,REP,REP,REP,Q4,REP,REP,REP,Q4,REP,REP,REP,Q4,REP,REP,REP,Q4,REP,REP,REP,Q4,REP,REP,REP,Q4,REP,REP,REP,Q4,RSQ,REP,REP,Q4,REP,REP,REP,Q4,REP,REP,REP,Q4,REP,REP,REP,Q4,REP,REP,REP,Q4,REP,REP,REP,Q4,REP,REP,REP,Q4,REP,REP,REP,Q4,REP,REP,REP,Q4,REP,RUP,RUP,Q4,REP,,,,,,,,,,,,,,,,,,,,,,,,,,,,,,,,,,,,
Stock Based Compensation ($000),,,,,,,,,,,,,,,,,,,,,,,,,,,,,,,,,,,,,,,,,,,,,,,,,,,,,,,,,,,,,,,,,,,,,,,,,,,,,,,,,,,,,,,,,,,,,,,,,,,,,,,,,,,,,,,,,,,,,,,,,,,,,,,,,,,,,,,,,,,,,,,,,,,,,
"Restr. Stock Comp. Exp., Before Tax",NA,NA,NA,NA,NA,NA,NA,NA,NA,NA,NA,NA,NA,NA,NA,NA,NA,NA,NA,NA,NA,NA,NA,NA,NA,NA,NA,NA,NA,NA,NA,NA,NA,NA,NA,"13,300",NA,NA,NA,"12,600",NA,NA,NA,"21,300",NA,NA,NA,NA,NA,NA,NA,"11,500","1,200","1,600","1,400","1,600","1,500","1,800","1,700","1,800","1,900","2,000","1,900","(5,800)","2,000","3,000","3,000","2,000","3,000","4,000","4,000","3,000","4,000","5,000","4,000","5,000","7,000","8,000","9,000","8,000","8,000","8,000","6,000","8,000","7,000","8,000","8,000","8,000","8,000","9,000","9,000","8,000","9,000","7,000","9,000","9,000","9,000","5,000","10,000","11,000","11,000","21,000","21,000","25,000","25,000","35,000","38,000","41,000","48,000","65,000","54,000","58,000","56,000",,,,,,,,,,,,,,,,,,,,,,,,,,,,,,,,,,,,
"Stock Options Comp. Exp., Before Tax",,,,,,,,,,,,,,,,,,,,,,,,,,,,,,,,,,,NA,NA,NA,NA,NA,NA,NA,NA,NA,NA,NA,NA,NA,NA,NA,NA,NA,300,"59,500","25,900","24,500","25,000","60,700","22,500","21,800","22,000","73,300","18,500","18,600","(110,400)","85,000","17,000","16,000","(118,000)",NA,NA,NA,NA,NA,,,,,,,,,,,,,,,,,,,,,,,,,,,,,,,,,,,,"Stock Options Comp. Exp., Before Tax",NA,NA,NA,NA,NA,NA,NA,NA,NA,NA,NA,NA,NA,NA,NA,NA,NA,300,"59,500","25,900","24,500","25,000","60,700","22,500","21,800","22,000","73,300","18,500","18,600","(110,400)","85,000","17,000","16,000","(118,000)",NA,NA,NA,NA,NA,NA
Stock Options Comp. Exp. Tax Effect,,,,,,,,,,,,,,,,,,,,,,,,,,,,,,,,,,,NA,"(13,900)",NA,NA,NA,"(12,500)",NA,NA,NA,"(47,200)",NA,NA,NA,NA,NA,NA,NA,NA,NA,NA,NA,NA,NA,NA,NA,NA,NA,NA,NA,NA,NA,NA,NA,NA,NA,NA,NA,NA,NA,,,,,,,,,,,,,,,,,,,,,,,,,,,,,,,,,,,,Stock Options Comp. Exp. Tax Effect,NA,"(13,900)",NA,NA,NA,"(12,500)",NA,NA,NA,"(47,200)",NA,NA,NA,NA,NA,NA,NA,NA,NA,NA,NA,NA,NA,NA,NA,NA,NA,NA,NA,NA,NA,NA,NA,NA,NA,NA,NA,NA,NA,NA
"Stock Options Comp. Exp., After Tax",,,,,,,,,,,,,,,,,,,,,,,,,,,,,,,,,,,NA,NA,NA,NA,NA,NA,NA,NA,NA,NA,NA,NA,NA,NA,NA,NA,100,0,NA,NA,NA,NA,NA,NA,NA,NA,NA,NA,NA,NA,NA,NA,NA,NA,NA,NA,NA,NA,NA,,,,,,,,,,,,,,,,,,,,,,,,,,,,,,,,,,,,"Stock Options Comp. Exp., After Tax",NA,NA,NA,NA,NA,NA,NA,NA,NA,NA,NA,NA,NA,NA,NA,NA,100,0,NA,NA,NA,NA,NA,NA,NA,NA,NA,NA,NA,NA,NA,NA,NA,NA,NA,NA,NA,NA,NA,NA
"Stock Based Comp. Exp., Before Tax",NA,NA,NA,NA,NA,NA,NA,NA,NA,NA,NA,NA,NA,NA,NA,NA,NA,NA,NA,NA,NA,NA,NA,NA,NA,NA,NA,NA,NA,NA,NA,NA,NA,NA,NA,NA,NA,NA,NA,NA,NA,NA,NA,NA,NA,300,200,100,NA,NA,NA,"11,800","62,500","29,200","27,400","28,600","63,800","26,500","25,300","25,400","78,200","25,100","23,700","43,600","91,000","24,000","23,000","21,000","21,000","29,000","28,000","27,000","25,000","36,000","34,000","35,000","37,000","46,000","45,000","46,000","42,000","46,000","43,000","46,000","43,000","49,000","48,000","51,000","54,000","62,000","60,000","60,000","57,000","54,000","51,000","53,000","50,000","53,000","55,000","60,000","41,000","92,000","93,000","99,000","80,000","110,000","113,000","126,000","136,000","189,000","142,000","144,000","136,000",,,,,,,,,,,,,,,,,,,,,,,,,,,,,,,,,,,,
Stock Based Comp. Exp. Tax Effect,NA,NA,NA,NA,NA,NA,NA,NA,NA,NA,NA,NA,NA,NA,NA,NA,NA,NA,NA,NA,NA,NA,NA,NA,NA,NA,NA,NA,NA,NA,NA,NA,NA,NA,NA,NA,NA,NA,NA,NA,NA,NA,NA,NA,NA,NA,NA,NA,NA,NA,NA,NA,NA,NA,NA,NA,NA,NA,NA,NA,NA,NA,NA,NA,NA,NA,NA,NA,NA,NA,NA,NA,NA,NA,NA,NA,NA,NA,NA,NA,NA,NA,NA,NA,NA,NA,NA,NA,NA,NA,NA,NA,NA,NA,NA,NA,NA,NA,NA,"(230,000)","(53,000)","(21,000)","(60,000)","(41,000)","(37,000)","(77,000)","(67,000)","(26,000)","(81,000)","(108,000)","(67,000)","(41,000)","(186,000)",,,,,,,,,,,,,,,,,,,,,,,,,,,,,,,,,,,,
"Stock Based Comp. Exp., After Tax",NA,NA,NA,NA,NA,NA,NA,NA,NA,NA,NA,NA,NA,NA,NA,NA,NA,NA,NA,NA,NA,NA,NA,NA,NA,NA,NA,NA,NA,NA,NA,NA,NA,NA,NA,NA,NA,NA,NA,NA,NA,NA,NA,NA,NA,300,200,100,NA,NA,NA,NA,NA,NA,NA,NA,NA,NA,NA,NA,NA,NA,NA,NA,NA,NA,NA,NA,NA,NA,NA,NA,NA,NA,NA,NA,NA,NA,NA,NA,NA,NA,NA,NA,NA,NA,NA,NA,NA,NA,NA,NA,NA,NA,NA,NA,NA,NA,NA,"(12,000)","(12,000)","71,000","33,000","58,000","43,000","33,000","46,000","100,000","55,000","81,000","75,000","103,000","(50,000)",,,,,,,,,,,,,,,,,,,,,,,,,,,,,,,,,,,,